@article{Hope-Simpson65,
author={R Edgar Hope-Simpson},
title={The Nature of Herpes Zoster: A Long-term Study and a New Hypothesis}, 
year={1965}, 
journal = {Journal of the Royal Society of Medicine},
number={1},
volume={58},
pages={9-20}}


@article{huang12,
  title={Design and estimation for evaluating principal surrogate markers in vaccine trials},
  author={Huang, Ying and Gilbert, Peter B and Wolfson, Julian},
  journal={Biometrics},
  volume={69},
  number={2},
  pages={301-309},
  year={2013}
}

@article{vanderweele11,
  title={Principal Stratification--Uses and Limitations},
  author={VanderWeele, Tyler J},
  journal={The international journal of biostatistics},
  volume={7},
  number={1},
  pages={1-14},
  year={2011}
}


@inbook{Miao13,
author = {Miao, X and Li, X and Gilbert, PB and Chan, I and Satten, G and Cai, T and Pfeiffer, R and Gandy, A},
chapter = {A multiple imputation approach for surrogate marker evaluation in the principal stratification causal inference framework},
crossref = {bookmiaoin}
}

@book{bookmiaoin,
editor = {Lee, M-LT and Gail, M and Pfeiffer, R and Satten, G and Cai, T and Gandy, A}, 
title      = {Risk Assessment and Evaluation of Predictions},
publisher = {Springer},
address = {New York},
series={Lecture Notes in Statistics / Lecture Notes in Statistics - Proceedings},
volume={210},
year = {2013}}




@article{Shiu08,
author = {Shiu, S-Y and Gatsonis, C}, 
title = {The predictive receiver operating characteristic curve for the joint assessment of the positive and negative predictive values},
volume = {366}, 
number = {1874}, 
pages = {2313-2333}, 
year = {2008}, 
journal = {Philosophical Transactions of the Royal Society A: Mathematical, Physical and Engineering Sciences} 
}



@article{Zigler12,
author={Zigler, C.M. and Belin, T.R.},
title={A Bayesian Approach to Improved Estimation of Causal Effect Predictiveness for a Principal Surrogate Endpoint}, 
year={2012}, 
journal = {Biometrics},
volume={68},
pages={922-932}}

@article {Breslow97,
author = {Breslow, Norman E. and Holubkov, Richard},
title = {Maximum Likelihood Estimation of Logistic Regression Parameters under Two-phase, Outcome-dependent Sampling},
journal = {Journal of the Royal Statistical Society: Series B (Statistical Methodology)},
volume = {59},
number = {2},
publisher = {Blackwell Publishers Ltd.},
pages = {447--461},
year = {1997}}

@article {Scheike04,
author = {Scheike, Thomas H. and Martinussen, Torben},
title = {Maximum Likelihood Estimation for Cox's Regression Model Under Case–Cohort Sampling},
journal = {Scandinavian Journal of Statistics},
volume = {31},
number = {2},
publisher = {Blackwell Publishing Ltd},
pages = {283--293},
year = {2004}}


@article{Dasgupta07,
title = {Non-identifiable parametric probability models and reparametrization},
journal = {Journal of Statistical Planning and Inference},
volume = {137},
number = {11},
pages = {3380--93},
year = {2007},
author = {Abhijit Dasgupta and Steven G. Self and Somesh Das Gupta}}



@article{McElrath08,
title = "HIV-1 vaccine-induced immunity in the test-of-concept Step Study: a case–cohort analysis",
journal = "The Lancet",
volume = "372",
number = "9653",
pages = "1894 - 1905",
year = "2008",
author = "M Juliana McElrath and Stephen C De Rosa and Zoe Moodie and Sheri Dubey and Lisa Kierstead and Holly Janes and Olivier D Defawe and Donald K Carter and John Hural and Rama Akondy and Susan P Buchbinder and Michael N Robertson and Devan V Mehrotra and Steven G Self and Lawrence Corey and John W Shiver and Danilo R Casimiro"
}



@article{Buchbinder08,
title = "Efficacy assessment of a cell-mediated immunity HIV-1 vaccine (the Step Study): a double-blind, randomised, placebo-controlled, test-of-concept trial",
journal = "The Lancet",
volume = "372",
number = "9653",
pages = "1881 - 1893",
year = "2008",
author = "Susan P Buchbinder and Devan V Mehrotra and Ann Duerr and Daniel W Fitzgerald and Robin Mogg and David Li and Peter B Gilbert and Javier R Lama and Michael Marmor and Carlos del Rio and M Juliana McElrath and Danilo R Casimiro and Keith M Gottesdiener and Jeffrey A Chodakewitz and Lawrence Corey and Michael N Robertson"
}

@article{Zosterpap1, 
title = {Herpes zoster and postherpetic neuralgia: optimizing management in the elderly patient}, 
author={Johnson RW and G Wasner and P Saddier and R Baron}, 
journal = {Drugs and Aging},
volume = {25},
number={12},
pages = {991--1006},
year = {2008}}

@article{Zosterpap4, 
title = "Estimating the cost-effectiveness of vaccination against herpes zoster in England and Wales",
journal = "Vaccine",
volume = "27",
number = "9",
pages = "1454--1467",
year = "2009",
author = "A.J. van Hoek and N. Gay and A. Melegaro and W. Opstelten and W.J. Edmunds",
}

@article{Comment1, 
author={Gilbert, Peter B. and Hudgens, Michael G. and Wolfson, Julian}, 
title={Commentary on "Principal Stratification — a Goal or a Tool?" by Judea Pearl}, 
journal = {The International Journal of Biostatistics}, 
volume={7}, 
number={1}, 
year={2011}
}



@article{Zosterpap6,
title = "Pain following herpes zoster: The influence of changing population characteristics and medical developments",
journal = "Pain",
volume = "128",
number = "1–2",
pages = "3--5",
year = "2007",
author = "Robert W. Johnson and Andrew S.C. Rice"
}

@article{Zosterpap9, 
    title = {Herpes Zoster in Older Adults},
     author = {Schmader, Kenneth},
     journal = {Clinical Infectious Diseases},
     volume = {32},
     number = {10},
     pages = {pp. 1481-1486},
     year = {2001}
    }

@inbook{Zosterpap2_20, 
title={The Family Herpesviridae: A Brief Introduction}, 
volume={5}, 
booktitle={Fields Virology}, 
publisher={Lippincott Williams \& Wilkins}, 
author={Roizman, Bernard and Pellett, Philip}, 
year={2007}, 
pages={2479--2500}}


@article{Zosterpap2, 
author={LQ Araujo and CR Macintyre and C Vujacich}, 
title = {Epidemiology and burden of herpes zoster and post-herpetic neuralgia in Australia, Asia and South America}, 
journal = {the Journal of the IHMF},
volume = {14},
pages = {40--44},
year = {2007}}


@article{ZEST,
author = {Schmader, Kenneth E. and Johnson, Gary R. and Saddier, Patricia and Ciarleglio, Maria and Wang, William W.B. and Zhang, Jane H. and Chan, Ivan S.F. and Yeh, Shing-Shing and Levin, Myron J. and Harbecke, Ruth M. and Oxman, Michael N. and for the Shingles Prevention Study Group},
title = {Effect of a Zoster Vaccine on Herpes Zoster–Related Interference with Functional Status and Health-Related Quality-of-Life Measures in Older Adults},
journal = {Journal of the American Geriatrics Society},
volume = {58},
number = {9},
pages = {1634--1641},
year = {2010}}


@article{Oxman10, 
author = {Oxman, Michael N.}, 
title = {Zoster Vaccine: Current Status and Future Prospects}, 
volume = {51}, 
number = {2}, 
pages = {197-213}, 
year = {2010}, 
journal = {Clinical Infectious Diseases} 
}

@article{Zoster1,
author = {Oxman, M.N. and Levin, M.J. and Johnson, G.R. and Schmader, K.E. and Straus, S.E. and Gelb, L.D. and Arbeit, R.D. and Simberkoff, M.S. and Gershon, A.A. and Davis, L.E. and Weinberg, A. and Boardman, K.D. and Williams, H.M. and Zhang, J. Hongyuan and Peduzzi, P.N. and Beisel, C.E. and Morrison, V.A. and Guatelli, J.C. and Brooks, P.A. and Kauffman, C.A. and Pachucki, C.T. and Neuzil, K.M. and Betts, R.F. and Wright, P.F. and Griffin, M.R. and Brunell, P. and Soto, N.E. and Marques, A.R. and Keay, S.K. and Goodman, R.P. and Cotton, D.J. and Gnann, J.W. and Loutit, J. and Holodniy, M. and Keitel, W.A. and Crawford, G.E. and Yeh, S.-S. and Lobo, Z. and Toney, J.F. and Greenberg, R.N. and Keller, P.M. and Harbecke, R. and Hayward, A.R. and Irwin, M.R. and Kyriakides, T.C. and Chan, C.Y. and Chan, I.S.F. and Wang, W.W.B. and Annunziato, P.W. and Silber, J.L.},
title = {A Vaccine to Prevent Herpes Zoster and Postherpetic Neuralgia in Older Adults},
journal = {New England Journal of Medicine},
volume = {352},
number = {22},
pages = {2271-2284},
year = {2005},
}

@Article{Gu10,
 Author         = {Wen Gu and Margaret Pepe},
 Title          = {Measures to Summarize and Compare the Predictive Capacity of Markers},
 Journal        = {The International Journal of Biostatistics},
 Volume         = {5},
 Number         = {1},
 Pages          = {1-30},
 year           = {2011}}



@article{Barlow94,
     title = {Robust Variance Estimation for the Case-Cohort Design},
     author = {Barlow, William E.},
     journal = {Biometrics},
     volume = {50},
     number = {4},
     pages = {pp. 1064-1072},
     year = {1994},
    }



    @article{Robins94,
     title = {Estimation of Regression Coefficients When Some Regressors Are Not Always Observed},
     author = {Robins, James M. and Rotnitzky, Andrea and Zhao, Lue Ping},
     journal = {Journal of the American Statistical Association},
     volume = {89},
     number = {427},
     pages = {pp. 846-866},
     year = {1994},
    }

@article{Barlow99,
title = "Analysis of Case-Cohort Designs",
journal = "Journal of Clinical Epidemiology",
volume = "52",
number = "12",
pages = "pp. 1165-1172",
year = "1999",
note = "",
author = "William E. Barlow and Laura Ichikawa and Dan Rosner and Shizue Izumi",
}



@article{Cox,
     title = {Regression Models and Life-Tables},
     author = {Cox, D. R.},
     journal = {Journal of the Royal Statistical Society. Series B (Methodological)},
     volume = {34},
     number = {2},
     pages = {187-220},
     year = {1972}}


@article{Heagerty00,
     title = {Time-Dependent {ROC} Curves for Censored Survival Data and a Diagnostic Marker},
     author = {Heagerty, Patrick J. and Lumley, Thomas and Pepe, Margaret S.},
     journal = {Biometrics},
     volume = {56},
     number = {2},
     pages = {337--44},
     year = {2000}}


@article {Huang07,
author = {Huang, Ying and Sullivan Pepe, Margaret and Feng, Ziding},
title = {Evaluating the Predictiveness of a Continuous Marker},
journal = {Biometrics},
volume = {63},
number = {4},
pages = {1181--188},
year = {2007}}



@article{Zeng07,
author = {Zeng, D. and Lin, D. Y.},
title = {Maximum likelihood estimation in semiparametric regression models with censored data},
journal = {Journal of the Royal Statistical Society: Series B (Statistical Methodology)},
volume = {69},
number = {4},
publisher = {Blackwell Publishing Ltd},
pages = {507--64},
year = {2007}}


@article{Chatterjee07,
   author = {Chatterjee, Nilanjan and Chen, Yi-Hau},
   title = {A semiparametric pseudo-score method for analysis of two-phase studies with continuous phase-I covariates},
   journal = {Lifetime Data Analysis},
   publisher = {Springer Netherlands},
   pages = {607--22},
   volume = {13},
   issue = {4},
   year = {2007}
}


@article{Chatterjee03,
author = {Chatterjee, Nilanjan and Chen, Yi-Hau and Breslow, Norman E.},
title = {A Pseudoscore Estimator for Regression Problems With Two-Phase Sampling},
journal = {Journal of the American Statistical Association},
volume = {98},
number = {461},
pages = {158--68},
year = {2003}}



@article{Li10,
	Author = {Li, Yun and Taylor, Jeremy M.G. and Elliott, Michael R.},
	Journal = {Biometrics},
	Number = {2},
	Pages = {523--531},
	Title = {A {B}ayesian Approach to Surrogacy Assessment Using Principal Stratification in Clinical Trials},
	Volume = {66},
	Year = {2010}}




@article{Bura01,
	Author = {Bura, Efstathia and Gastwirth, Joseph L.},
	Journal = {Biometrical Journal},
	Number = {1},
	Pages = {5--21},
	Title = {The Binary Regression Quantile Plot: Assessing the Importance of Predictors in Binary Regression Visually},
	Volume = {43},
	Year = {2001}}




@article{Youden50,
	Author = {Youden, W. J.},
	Journal = {Cancer},
	Number = {1},
	Pages = {32--35},
	Title = {Index for rating diagnostic tests},
	Volume = {3},
	Year = {1950}}




@article{Fleming94,
	Author = {Fleming, Thomas R.},
	Journal = {Statistics in Medicine},
	Number = {13-14},
	Pages = {1423--1435},
	Title = {Surrogate markers in aids and cancer trials},
	Volume = {13},
	Year = {1994}}




@article{A\'Hern88,
	Author = {A'Hern, RP and Ebbs, SR and Baum, MB},
	Journal = {Br J Cancer},
	Month = {06},
	Number = {6},
	Pages = {615--618},
	Title = {Does chemotherapy improve survival in advanced breast cancer? A statistical overview},
	Volume = {57},
	Year = {1988}}



@article{vaxgen004,
	Author = {Flynn, MN and Forthal, DN and Harro, CD and Judson, FN and Mayer, KH    and Para, MF and Gilbert, PB and Hudgens, MG and Metch, BJ and Self, SG    and Berman, PW and Francis, DP and Gurwith, M and Heyward, WL and    Jobes, DV and Peterson, ML and Popovic, V and Sinangil, FM and Gurwith,    M and Jobes, DV and Peterson, ML and Sinangil, FM and Berman, PW and    Francis, DP and Heyward, WL and Gilbert, PB and Hudgens, MG and Metch,    BJ and Self, SG and Adamczyk, A and Baker, RL and Brand, D and Brown,    SJ and Buchbinder, S and Buggy, BP and Cade, J and Caldwell, MC and    Celum, C and Creticos, C and Coutinho, RA and Lindenburg, K and Daly, P    and DeJesus, E and Di-Carlo, R and Fenstersheib, M and Flynn, N and    Forthal, D and Gripshover, B and Gorse, GJ and Belshe, R and Grossman,    H and Harro, CD and Henry, K and Hewitt, RG and Hogg, R and Jacobson,    JM and Jemsek, J and Judson, F and Kahn, JO and Keefer, MC and Kessler,    H and Koblin, B and Kostman, J and Lally, M and Logue, K and Marmor, M    and Mayer, K and McKinsey, D and Miskin, BM and Morales, JO and    Mulligan, MJ and Myers, RA and Novak, R and Para, M and Piliero, P and    Poblete, R and Rhame, F and Riddler, S and Richter, RW and Sampson, JH    and Sands, M and Santiago, S and Shikuma, C and Somero, MS and Thomas,    E and Thompson, M and Tyring, SK and Vincelette, J and Vrooman, PS and    Yangco, BG and {rgp120 HIV Vaccine Study Grp}},
	Journal = {Journal of Infectious Diseases},
	Number = {5},
	Pages = {654--665},
	Title = {Placebo-controlled phase 3 trial of a recombinant glycoprotein 120 vaccine to prevent HIV-1 infection},
	Volume = {191},
	Year = {2005}}

@article{Clements98, 
Author={Clements-Mann, ML}, 
Journal={AIDS Research Human Retroviruses}, 
volume={Supplement 3}, 
year={1998}, 
pages={197--203}, 
Title={Lessons for AIDS vaccine development from non-AIDS vaccines}}



@article{Zoster,
  author = {Santosh C Sutradhar and William W B Wang and Katia Schlienger and
	Jon E Stek and Jin Xu and Ivan S F Chan and Jeffrey L Silber},
  title = {Comparison of the levels of immunogenicity and safety of Zostavax
	in adults 50 to 59 years old and in adults 60 years old or older.},
  journal = {Clin Vaccine Immunol},
  year = {2009},
  volume = {16},
  pages = {646--652},
  number = {5},
  month = {May},
  institution = {Merck Research Laboratories, Upper Gwynedd, Pennsylvania, USA.}}



@article{Gilbert11,
Author = {PB Gilbert  and  D Grove and E Gabriel and Y Huang and  G Gray and SM Hammer and SP Buchbinder and J Kublin and L Corey and SG Self},
Journal = {Statistical Communications in Infectious Diseases},
	Title = {A Sequential Phase 2b Trial Design for Evaluating Vaccine Efficacy and Immune Correlates for Multiple HIV Vaccine Regimens},
	Number={1}, 
         Volume = {3}, 
	Year={2011}}

@article{Gilbert11rv144,
author = {Gilbert, PB. and Berger, JO. and Stablein, D and Becker, S and Essex, M and Hammer, SM. and Kim, JH. and DeGruttola, VG.}, 
title = {Statistical Interpretation of the RV144 HIV Vaccine Efficacy Trial in Thailand: A Case Study for Statistical Issues in Efficacy Trials}, 
volume = {203}, 
number = {7}, 
pages = {969--975}, 
year = {2011}, 
journal = {Journal of Infectious Diseases} 
}




@article{Gabriel13,
author = {Gabriel, Erin E. and Gilbert, Peter B.}, 
title = {Evaluating principal surrogate endpoints with time-to-event data accounting for time-varying treatment efficacy},
volume = {15}, 
number = {2}, 
pages = {251-265}, 
year = {2014}, 
journal = {Biostatistics} 
}





@article{Pulendran10,
	Author = {Pulendran, B and Li, S and Nakaya, HI.},
	Journal = {Immunity},
	Month = {10},
	Number = {4},
	Pages = {516--529},
	Title = {Systems Vaccinology},
	Volume = {33},
	Year = {2010}}

	
@article{DCCT,
author = {DCCT/EDIC Research, Group}, 
title = {Intensive Diabetes Therapy and Glomerular Filtration Rate in Type 1 Diabetes},
volume = {365}, 
number = {25}, 
pages = {2366-2376}, 
year = {2011}, 
journal = {The New England Journal of Medicine} 
}



@article{Hernan10, 
	Author = {Hern{\'a}n, M. },
	Journal = {Epidemiology},
	Number = {1},
	Title = {The Hazards of Hazard Ratios},
	Volume = {21},
	Year = {2010}}


    @article{Taylor05,
     title = {Counterfactual Links to the Proportion of Treatment Effect Explained by a Surrogate Marker},
     author = {Taylor, Jeremy M. G. and Wang, Yue and Thibaut, Rodolphe},
     journal = {Biometrics},
     volume = {61},
     number = {4},
     pages = {1102-1111},
     year = {2005}
    }
    

    @article{Prentice82,
     title = {Covariate Measurement Errors and Parameter Estimation in a Failure Time Regression Model},
     author = {Prentice, R. L.},
     journal = {Biometrika},
     volume = {69},
     number = {2},
     pages = {331-342},
     year = {1982}}


@article{vaxgen003,
	Author = {P Pitisuttithum and PB Gilbert and M Gurwith and W Heyward and M Martin and F van Griensven and D Hu and JW Tappero and K Choopanya and Bangkok Vaccine Evaluation},
	Journal = {Journal of Infectious Diseases},
	Number = {12},
	Pages = {1661--1671},
	Title = {Randomized, double-blind, placebo-controlled efficacy trial of a bivalent recombinant glycoprotein 120 HIV-1 vaccine among injection drug users in Bangkok, Thailand},
	Volume = {194},
         	Year = {2005}}


@article{STEP,
	Author = {SP Buchbinder and DV Mehrotra and A Duerr and DW Fitzgerald and R Mogg and D Li and PB Gilbert and JR Lama and M Marmor and C del Rio and MJ Mcelrath and DR Casimiro and KM Gottesdiener and JA Chodakewitz and L Corey and MN Robertson},
	Journal = {The Lancet},
	Number = {9653},
	Pages = {1881--1893},
	Title = {Efficacy assessment of a cell-mediated immunity HIV-1 vaccine (the Step Study): a double-blind, randomised, placebo-controlled, test-of-concept trial},
	Volume = {372},
	Year = {2008}}



@article{Mulligan09,
	Author = {MJ Mulligan},
	Journal = {Current Infectious Disease Reports},
	Number = {5},
	Pages = {399--406},
	Title = {Advances in human clinical trials of vaccines to prevent HIV/AIDS and other HIV prevention interventions},
	Volume = {11},
	Year = {2009}}



@article{Gilbertvax,
	Author = {PB Gilbert and ML Peterson and D Follmann and MG Hudgens and DP Francis and M Gurwith and WL Heyward and DV Jobes and V Popovic and SG Self and F Sinangil and D Burke and PW Berman},
	Journal = {Journal of Infectious Diseases},
	Number = {5},
	Pages = {666--677},
	Title = {Correlation between immunologic responses to a recombinant glycoprotein 120 vaccine and incidence of HIV-1 infection in a phase 3 HIV-1 preventive vaccine trial},
	Volume = {191}, 
	Year={2005}}
	


@article{Haynes12,
author = {Haynes, Barton F. and Gilbert, Peter B. and McElrath, M. Juliana and et al.},
title = {Immune-Correlates Analysis of an HIV-1 Vaccine Efficacy Trial},
journal = {New England Journal of Medicine},
volume = {366},
number = {14},
pages = {1275-1286},
year = {2012}
}



@article{RV144,
	Author = {S Rerks-Ngarm and P Pitisuttithum and S Nitayaphan and J Kaewkungwal and J Chiu and R Paris and N Premsri and C Namwat and M de Souza and E Adams and M Benenson and S Gurunathan and J Tartaglia and J McNeil and D Francis and D Stablein and D Birx and S Chunsuttiwat and C Khamboonruang and P Thongcharoen and M Robb and N Michael and P Kunasol and J Kim and the MOPH--TAVEG Investigators},
	Journal = {New England Journal of Medicine},
	Title = {Vaccination with ALVAC and AIDSVAX to Prevent HIV-1 Infection in Thailand},
	pages={2209--2220},
	volume={361}, 
	number={23}, 
	Year = {2009}}



@article{Hughes02,
title = {Evaluating surrogate endpoints},
journal = {Controlled Clinical Trials},
volume = {23},
number = {6},
pages = {703--707},
year = {2002},
author = {MD Hughes}}


@article{Pepe91,
     title = {A Nonparametric Method for Dealing With Mismeasured Covariate Data},
     author = {Pepe, MS and Fleming, TR},
     journal = {Journal of the American Statistical Association},
     volume = {86},
     number = {413},
     pages = {108--113},
     year = {1991}}
     
     
     
     
@article{Robins92, 
	Author = {J M Robins and S Greenland},
	Journal = {Epidemiology},
	Month = {Mar},
	Number = {2},
	Pages = {143--55},
	Title = {Identifiability and exchangeability for direct and indirect effects},
	Volume = {3},
	Year = {1992}}
	
    @article{Chen99,
      title = {Proportional Hazards Regression with Missing Covariates},
     author = {Chen, Hua Yun and Little, Roderick J. A.},
     journal = {Journal of the American Statistical Association},
     volume = {94},
     number = {447},
     pages = {896-908},
     year = {1999}}



@article{Freedman92,
	Author = {Freedman, Laurence S. and Graubard, Barry I. and Schatzkin, Arthur},
	Journal = {Statistics in Medicine},
	Number = {2},
	Pages = {167--178},
	Title = {Statistical validation of intermediate endpoints for chronic diseases},
	Volume = {11},
	Year = {1992}}



@article{Qin07,
	Author = {Qin, L and Gilbert, PB and Corey, L and McElrath,  MJ and Self, SG},
        Journal = {The Joutnal of Infectious Diseases},
	Number = {9},
	Pages = {1304--1312},
	Title = {A framework for assessing immunological correlates of protection in vaccine trials},
	Volume = {196},
	Year = {2007}}



@article{Neyman38,
     title = {Contribution to the Theory of Sampling Human Populations},
     author = {Neyman, J.},
     journal = {Journal of the American Statistical Association},
     volume = {33},
     number = {201},
     pages = {pp. 101-116},
     year = {1938},
     publisher = {American Statistical Association}}

@article{Breslow09, 
author={Breslow, Norman E. and Lumley, Thomas and Ballantyne, Christie M. and Chambless, Lloyd E. and Kulich, Michal},
title={Improved Horvitz-Thompson Estimation of Model Parameters from Two-phase Stratified Samples: Applications in Epidemiology}, 
journal={Statistics in Biosciences},
publisher={Stat Biosci.},
volume={1},
issue={32},
year={2009}}


@book{Little02, 
title={Statistical analysis with Missing Data}, 
Author={Little, R.J.A. and Rubin, D. B.}, 
year={2002},
edition={2nd},
publisher={Wiley}}



@article{Horvitz52,
     title = {A Generalization of Sampling Without Replacement From a Finite Universe},
     author = {Horvitz, D. G. and Thompson, D. J.},
     journal = {Journal of the American Statistical Association},
     volume = {47},
     number = {260},
     pages = {pp. 663-685},
     year = {1952},
     publisher = {American Statistical Association}}


@article{Carroll95,
     title = {Prospective Analysis of Logistic Case-Control Studies},
     author = {Carroll, R. J. and Wang, Suojin and Wang, C. Y.},
     journal = {Journal of the American Statistical Association},
     volume = {90},
     number = {429},
     pages = {pp. 157-169},
     year = {1995},
     publisher = {American Statistical Association}}


@article{Breslow88,
     title = {Logistic Regression for Two-Stage Case-Control Data},
     author = {Breslow, N. E. and Cain, K. C.},
     journal = {Biometrika},
     volume = {75},
     number = {1},
     pages = {pp. 11-20},
     year = {1988},
     publisher = {Biometrika Trust}}



@article {White82,
author = {White, JE },
title = {A two stage design for the study of the relationship between a rare exposure and a rare disease},
journal = {American journal of epidemiology},
volume = {115},
number = {1},
pages = {119},
year = {1982}}

@article {Breslow07,
author = {Breslow, Norman E. and Wellner, Jon A.},
title = {Weighted Likelihood for Semiparametric Models and Two-phase Stratified Samples, with Application to Cox Regression},
journal = {Scandinavian Journal of Statistics},
volume = {34},
number = {1},
publisher = {Blackwell Publishing Ltd},
pages = {86--102},
year = {2007}}


@article{VanderWeele08,
title = "Simple relations between principal stratification and direct and indirect effects",
journal = "Statistics \& Probability Letters",
volume = "78",
number = "17",
pages = "2957 - 2962",
year = "2008",
note = "",
issn = "0167-7152",
doi = "10.1016/j.spl.2008.05.029",
url = "http://www.sciencedirect.com/science/article/pii/S0167715208002496",
author = "Tyler J. VanderWeele"
}



@article {Chen05,
author = {Chen, Xiaohong and Fan, Yanqin},
title = {Pseudo-likelihood ratio tests for semiparametric multivariate copula model selection},
journal = {Canadian Journal of Statistics},
volume = {33},
number = {3},
publisher = {Wiley-Blackwell},
pages = {389--414},
year = {2005},
}

@article{Borgan00,
   author = {Borgan, Ornulf and Langholz, Bryan and Samuelsen, SvenOve and Goldstein, Larry and Pogoda, Janice},
   title = {Exposure Stratified Case-Cohort Designs},
   journal = {Lifetime Data Analysis},
   publisher = {Springer Netherlands},
   pages = {39-58},
   volume = {6},
   issue = {1},
   year = {2000}}


@article{Heagerty99,
	Author = {Heagerty, PJ and Pepe, MS},
	Journal = {Journal of the Royal Statistical Society: Series C (Applied Statistics)},
	Number = {4},
	Pages = {533--551},
	Title = {Semiparametric estimation of regression quantiles with application to standardizing weight for height and age in US children},
	Volume = {48},
	Year = {1999}}

@techreport{HVTN505, 
       	Author = {HVTN},
	Institution={DAIDS, NIAID, NIH, DHHS}, 
         Number={DAIDS DOCUMENT ID 10753},  
Title = {Phase 2, randomized, placebo-controlled trial to 
evaluate the safety and effect on post-HIV 
acquisition viremia of a multiclade HIV-1 DNA 
plasmid vaccine followed by a multiclade HIV-1 
recombinant adenoviral vector vaccine in HIV- 
uninfected, adenovirus type 5 neutralizing antibody 
negative, circumcised men},
	Type = {Study Protocol},
	Year = {2009}}



@phdthesis{WolfsonDiss,
	Address = {Chair: Gilbert, Peter},
	Author = {Wolfson, J},
	School = {University of Washington; Department of Biostatistics},
	Title = {Statistical Methods for Identifying Surrogate Endpoints in Vaccine Trails},
	Type = {Doctor of Philosophy Dissertation},
	Year = {2009}}

@phdthesis{ChatterjeeDiss,
Address={Chair: Wellner, Jon and Norman Breslow}, 
Author={Chatterjee, Nilanjan}, 
School={University of Washington; Department of Statistics},
Title={A Pseudoscore Estimator for Regression Problems With Two-Phase Sampling}, 
Type={Doctor of Philosophy Dissertation},
Year={1999}}

@article{Sachs12, 
author = {Sachs, Michael C. and Zhou, Xiao-Hua},
title = {Partial summary measures of the predictiveness curve},
journal = {Biometrical Journal},
volume = {55},
number = {4},
pages = {589--602},
year = {2013},
}


@article{flemming96,
	Author = {Fleming, TR and Demets, DL},
	Journal = {Annals of Internal Medicine },
	Number = {7},
	Pages = {605--613},
	Title = {Surrogate End Points in Clinical Trials: Are We Being Misled?},
	Volume = {125},
	Year = {1996}}


@article{Follmann06,
	Author = {Follmann, D},
	Journal = {Biometrics},
	Number = {4},
	Pages = {1161--1169},
	Title = {Augmented Designs to Assess Immune Response in Vaccine Trials},
	Volume = {62},
	Year = {2006}}

@article{Frangakis02,
	Author = {Frangakis, CE and Rubin, DB},
	Journal = {Biometrics},
	Number = {1},
	Pages = {21--29},
	Title = {Principal Stratification in Causal Inference},
	Volume = {58},
	Year = {2002}}

@article{Weir06,
	Author = {Weir, CJ and Walley, RJ},
	Journal = {Statistics in Medicine},
	Number = {2},
	Pages = {183--203},
	Title = {Statistical evaluation of biomarkers as surrogate endpoints: a literature review},
	Volume = {25},
	Year = {2006}}

@article{Gilbert08,
	Author = {Gilbert, PB and Hudgens, MG},
	Journal = {Biometrics},
	Number = {4},
	Pages = {1146--1154},
	Title = {Evaluating Candidate Principal Surrogate Endpoints},
	Volume = {64},
	Year = {2008}}

@article{Qin08,
	Author = {Qin, L and Gilbert, PB and Follmann, D and Dongfeng, L},
	Journal = {Annals of Applied Statistics},
	Number = {1},
	Pages = {386--407},
	Title = {Assesing Surrogate Endpoints in Vaccine Trails with Case-Cohort Sampling and the Cox Model},
	Volume = {2},
	Year = {2008}}



@article{Huang11,
author = {Huang, Ying and Gilbert, Peter B.},
title = {Comparing Biomarkers as Principal Surrogate Endpoints},
journal = {Biometrics},
volume = {67},
number = {4},
pages = {1442--1451},
year = {2011},
}


@techreport{Pearl11B,
	Author = {Pearl, J  and Bareinboim, E},
	Title = {Transportability across studies: A formal approach},
	Number={R-372} , 
	Institution={University of California, Los Angeles}, 
	Month={March}, 
	Year = {2011}}
	
	
@article{Pearl11A,
	Author = {Pearl, J},
	Journal = {International Journal of Biostatistics},
        number = {1},
	Note = {Article 20},
	Title = {Principal Stratification --- a Goal or a Tool?},
	Volume = {7},
	Year = {2011}}



	
@article{Prentice89,
	Author = {Prentice, RL},
	Journal = {Statistics in Medicine},
	Number = {4},
	Pages = {431--440},
	Title = {Surrogate endpoints in clinical trials: Definition and operational criteria},
	Volume = {8},
	Year = {1989}}



@article{Zheng10,
	Author = {Zheng, Y and Cai, T and Stanford, JL and Feng, Z},
	Journal = {Biometrics},
	Number = {1},
	Pages = {50--60},
	Title = {Semiparametric Models of Time-Dependent Predictive Values of Prognostic Biomarkers},
	Volume = {66},
	Year = {2010}}
	
	
	

@article{Zheng08,
	Author = {Zheng, Y and Cai, T and Pepe, MS and Levy, WC},
	Journal = {Journal of the American Statistical Association},
	Number = {481},
	Pages = {362-368},
	Title = {Time-Dependent Predictive Values of Prognostic Biomarkers With Failure Time Outcome},
	Volume = {103},
	Year = {2008}}
	
	
	

@article{Wolfson10,
	Author = {Wolfson, J and Gilbert, PB},
	Journal = {Biometrics},
	Number = {4},
	Pages = {1153--1161},
	Title = {Statistical Identifiability and the Surrogate Endpoint Problem, with Application to Vaccine Trials},
	Volume = {66},
	Year = {2010}}




@article{Rubin04,
     title = {Direct and Indirect Causal Effects via Potential Outcomes},
     author = {Rubin, DB},
     journal = {Scandinavian Journal of Statistics},
     volume = {31},
     number = {2},
     pages = {161--170},
     year = {2004}
    }




@article{Joffe09,
	Author = {Joffe, MM and Greene, T},
	Journal = {Biometrics},
	Number = {2},
	Pages = {530--538},
	Title = {Related Causal Frameworks for Surrogate Outcomes},
	Volume = {65},
	Year = {2009}}




@article{Gilbert08b,
	Author = {Gilbert, PB and Qin, L and Self, SG},
	Journal = {Statistics in Medicine},
	Number = {23},
	Pages = {4758--4778},
	Title = {Evaluating a surrogate endpoint at three levels, with application to vaccine development},
	Volume = {27},
	Year = {2008}}




@article{Dunning08,
	Author = {Dunning, AJ},
	Journal = {Statistics in Medicine},
	Number = {29},
	Pages = {6268--6270},
	Title = {Comment on Evaluating a surrogate endpoint at three levels, with application to vaccine development},
	Volume = {27},
	Year = {2008}}
	
	
@article{Daniels97,
	Author = {Daniels, Michael J. and Hughes, Michael D.},
	Journal = {Statistics in Medicine},
	Number = {17},
	Pages = {1965--1982},
	Title = {Meta-analysis for the evaluation of potential surrogate markers},
	Volume = {16},
	Year = {1997}}




@article{Robin92,
     title = {Identifiability and Exchangeability for Direct and Indirect Effects},
     author = {Robins, JM and Greenland, S},
     journal = {Epidemiology},
     volume = {3},
     number = {2},
     pages = {143--155},
     year = {1992}}
     
@book{Pearl00, 
    author={Pearl, J.}, 
    title={Causality: Models, Reasoning, and Inference}, 
    publisher={Cambridge University Press}, 
    year={2000}}
    
@book{WellnerBook, 
    author={van der Vaart, Aad W. and Wellner, Jon A.}, 
    title={Weak Convergence and Empirical Processes}, 
    publisher={Springer}, 
    year={1996}}



@article{Gail00,
author = {Gail, MH and Pfeiffer, R and van Houwelingen, HC. and Carroll, RJ}, 
title = {On meta-analytic assessment of surrogate outcomes}, 
volume = {1}, 
number = {3}, 
pages = {231--246}, 
year = {2000}, 
journal = {Biostatistics}}

@book{Janeway7,
author={Murphy, K and Travers, P and Walport, M}, 
title={Janeway's Immuno Biology: Seventh Edition}, 
year={2008}, 
publisher={Garland Science, Taylor and Francis Group}}




@article{Buyse00,
author = {Buyse, M. and Molenberghs, G. and Burzykowski, T. and Renard, D. and Geys, H.}, 
title = {The validation of surrogate endpoints in meta-analyses of randomized experiments}, 
volume = {1}, 
number = {1}, 
pages = {49-67}, 
year = {2000}, 
journal = {Biostatistics}}






@article{Taylor2005,
     title = {Counterfactual Links to the Proportion of Treatment Effect Explained by a Surrogate Marker},
     author = {Taylor, Jeremy M. G. and Wang, Yue and Thiébaut, Rodolphe},
     journal = {Biometrics},
     volume = {61},
     number = {4},
     pages = {pp. 1102-1111},
     year = {2005},
    }



@article{Plotkin08,
author = {Plotkin, Stanley A.}, 
title = {Correlates of Vaccine-Induced Immunity}, 
volume = {47}, 
number = {3}, 
pages = {401-409}, 
year = {2008}, 
 journal = {Clinical Infectious Diseases} 
}

@article{Plotkin09,
	Author = {Stanley A Plotkin},
	Journal = {Clin Vaccine Immunol},
	Month = {Dec},
	Number = {12},
	Pages = {1709--19},
	Title = {Vaccines: the fourth century},
	Volume = {16},
	Year = {2009}}



@article {Moskowitz04a,
author = {Moskowitz, Chaya S. and Pepe, Margaret S.},
title = {Quantifying and comparing the accuracy of binary biomarkers when predicting a failure time outcome},
journal = {Statistics in Medicine},
volume = {23},
number = {10},
pages = {1555--1570},
year = {2004},
}


@article {Moskowitz04b,
author = {Moskowitz, Chaya S. and Pepe, Margaret S.},
title = {Quantifying and Comparing the Predictive Accuracy of
Continuous Prognostic Factors for Binary Outcomes},
journal = {Biostatistics},
volume = {5},
pages = {113--127},
year = {2004},
}

@article{Prentice86,
author={Prentice, Ross L.}, 
title={On the Design of Synthetic Case-Control Studies},
journal={Biometrics},
volume={42}, 
number={2}, 
year={1986}, 
pages={301--310}}





@article{Grambsch94,
     title = {Proportional Hazards Tests and Diagnostics Based on Weighted Residuals},
     author = {Grambsch, Patricia M. and Therneau, Terry M.},
     journal = {Biometrika},
     volume = {81},
     number = {3},
     pages = {pp. 515-526},
     year = {1994}}

@article{Schmader12,
author = {Schmader, Kenneth E. and Levin, Myron J. and Gnann, John W. and McNeil, Shelly A. and Vesikari, Timo and Betts, Robert F. and Keay, Susan and Stek, Jon E. and Bundick, Nickoya D. and Su, Shu-Chih and Zhao, Yanli and Li, Xiaoming and Chan, Ivan S.F. and Annunziato, Paula W. and Parrino, Janie}, 
title = {Efficacy, Safety, and Tolerability of Herpes Zoster Vaccine in Persons Aged 50–59 Years}, 
year = {2012}, 
journal = {Clinical Infectious Diseases} 
}

@article{Li08,
author = {Li, Zhiguo and Gilbert, Peter B. and Nan, Bin},
title = {Weighted Likelihood Method for Grouped Survival Data in Case-Cohort Studies with Application to HIV Vaccine Trials},
journal = {The University of Michigan Department of Biostatistics Working Paper Series},
volume = {70},
year = {2007}}

@article {Huang12b,
author = {Huang, Ying and Gilbert, Peter B. and Janes, Holly},
title = {Assessing Treatment-Selection Markers using a Potential Outcomes Framework},
journal = {Biometrics},
volume={68},
number={3},
pages={687-96},
year = {2012}
}



@article{Moons06,
title = "Using the outcome for imputation of missing predictor values was preferred ",
journal = "Journal of Clinical Epidemiology ",
volume = "59",
number = "10",
pages = "1092 - 1101",
year = "2006",
author = "Karel G.M. Moons and Rogier A.R.T. Donders and Theo Stijnen and Frank E. Harrell Jr.",
}

